%YAML 1.1
%TAG !u! tag:unity3d.com,2011:
--- !u!1 &8675697453132098289
GameObject:
  m_ObjectHideFlags: 0
  m_CorrespondingSourceObject: {fileID: 0}
  m_PrefabInstance: {fileID: 0}
  m_PrefabAsset: {fileID: 0}
  serializedVersion: 6
  m_Component:
  - component: {fileID: 1890946929390747762}
  m_Layer: 0
  m_Name: coins_4x_rombo
  m_TagString: Untagged
  m_Icon: {fileID: 0}
  m_NavMeshLayer: 0
  m_StaticEditorFlags: 0
  m_IsActive: 1
--- !u!4 &1890946929390747762
Transform:
  m_ObjectHideFlags: 0
  m_CorrespondingSourceObject: {fileID: 0}
  m_PrefabInstance: {fileID: 0}
  m_PrefabAsset: {fileID: 0}
  m_GameObject: {fileID: 8675697453132098289}
  m_LocalRotation: {x: 0, y: 0, z: 0, w: 1}
  m_LocalPosition: {x: 0, y: 0, z: 0}
  m_LocalScale: {x: 1, y: 1, z: 1}
  m_Children:
  - {fileID: 4545446434199884179}
  - {fileID: 8870889926206803298}
  - {fileID: 8485453697311700314}
  - {fileID: 1017044349632218904}
  m_Father: {fileID: 0}
  m_RootOrder: 0
  m_LocalEulerAnglesHint: {x: 0, y: 0, z: 0}
--- !u!1001 &1141771068288464910
PrefabInstance:
  m_ObjectHideFlags: 0
  serializedVersion: 2
  m_Modification:
    m_TransformParent: {fileID: 1890946929390747762}
    m_Modifications:
    - target: {fileID: 3516407296813574557, guid: a6b8621f9628fbe41b1b9c8552b119cc, type: 3}
      propertyPath: m_LocalPosition.x
      value: 10.56
      objectReference: {fileID: 0}
    - target: {fileID: 3516407296813574557, guid: a6b8621f9628fbe41b1b9c8552b119cc, type: 3}
      propertyPath: m_LocalPosition.y
      value: 0.79050624
      objectReference: {fileID: 0}
    - target: {fileID: 3516407296813574557, guid: a6b8621f9628fbe41b1b9c8552b119cc, type: 3}
      propertyPath: m_LocalPosition.z
      value: 13.27
      objectReference: {fileID: 0}
    - target: {fileID: 3516407296813574557, guid: a6b8621f9628fbe41b1b9c8552b119cc, type: 3}
      propertyPath: m_LocalRotation.x
      value: -0
      objectReference: {fileID: 0}
    - target: {fileID: 3516407296813574557, guid: a6b8621f9628fbe41b1b9c8552b119cc, type: 3}
      propertyPath: m_LocalRotation.y
      value: -0
      objectReference: {fileID: 0}
    - target: {fileID: 3516407296813574557, guid: a6b8621f9628fbe41b1b9c8552b119cc, type: 3}
      propertyPath: m_LocalRotation.z
      value: -0
      objectReference: {fileID: 0}
    - target: {fileID: 3516407296813574557, guid: a6b8621f9628fbe41b1b9c8552b119cc, type: 3}
      propertyPath: m_LocalRotation.w
      value: 1
      objectReference: {fileID: 0}
    - target: {fileID: 3516407296813574557, guid: a6b8621f9628fbe41b1b9c8552b119cc, type: 3}
      propertyPath: m_RootOrder
      value: 0
      objectReference: {fileID: 0}
    - target: {fileID: 3516407296813574557, guid: a6b8621f9628fbe41b1b9c8552b119cc, type: 3}
      propertyPath: m_LocalEulerAnglesHint.x
      value: 0
      objectReference: {fileID: 0}
    - target: {fileID: 3516407296813574557, guid: a6b8621f9628fbe41b1b9c8552b119cc, type: 3}
      propertyPath: m_LocalEulerAnglesHint.y
      value: 0
      objectReference: {fileID: 0}
    - target: {fileID: 3516407296813574557, guid: a6b8621f9628fbe41b1b9c8552b119cc, type: 3}
      propertyPath: m_LocalEulerAnglesHint.z
      value: 0
      objectReference: {fileID: 0}
    - target: {fileID: 3519590501404398105, guid: a6b8621f9628fbe41b1b9c8552b119cc, type: 3}
      propertyPath: m_Name
      value: coin (3)
      objectReference: {fileID: 0}
    m_RemovedComponents: []
  m_SourcePrefab: {fileID: 100100000, guid: a6b8621f9628fbe41b1b9c8552b119cc, type: 3}
--- !u!4 &4545446434199884179 stripped
Transform:
  m_CorrespondingSourceObject: {fileID: 3516407296813574557, guid: a6b8621f9628fbe41b1b9c8552b119cc, type: 3}
  m_PrefabInstance: {fileID: 1141771068288464910}
  m_PrefabAsset: {fileID: 0}
--- !u!1001 &4526554942442286725
PrefabInstance:
  m_ObjectHideFlags: 0
  serializedVersion: 2
  m_Modification:
    m_TransformParent: {fileID: 1890946929390747762}
    m_Modifications:
    - target: {fileID: 3516407296813574557, guid: a6b8621f9628fbe41b1b9c8552b119cc, type: 3}
      propertyPath: m_LocalPosition.x
      value: 10.74
      objectReference: {fileID: 0}
    - target: {fileID: 3516407296813574557, guid: a6b8621f9628fbe41b1b9c8552b119cc, type: 3}
      propertyPath: m_LocalPosition.y
      value: 0.79050624
      objectReference: {fileID: 0}
    - target: {fileID: 3516407296813574557, guid: a6b8621f9628fbe41b1b9c8552b119cc, type: 3}
      propertyPath: m_LocalPosition.z
      value: 11.08
      objectReference: {fileID: 0}
    - target: {fileID: 3516407296813574557, guid: a6b8621f9628fbe41b1b9c8552b119cc, type: 3}
      propertyPath: m_LocalRotation.x
      value: -0
      objectReference: {fileID: 0}
    - target: {fileID: 3516407296813574557, guid: a6b8621f9628fbe41b1b9c8552b119cc, type: 3}
      propertyPath: m_LocalRotation.y
      value: -0
      objectReference: {fileID: 0}
    - target: {fileID: 3516407296813574557, guid: a6b8621f9628fbe41b1b9c8552b119cc, type: 3}
      propertyPath: m_LocalRotation.z
      value: -0
      objectReference: {fileID: 0}
    - target: {fileID: 3516407296813574557, guid: a6b8621f9628fbe41b1b9c8552b119cc, type: 3}
      propertyPath: m_LocalRotation.w
      value: 1
      objectReference: {fileID: 0}
    - target: {fileID: 3516407296813574557, guid: a6b8621f9628fbe41b1b9c8552b119cc, type: 3}
      propertyPath: m_RootOrder
      value: 3
      objectReference: {fileID: 0}
    - target: {fileID: 3516407296813574557, guid: a6b8621f9628fbe41b1b9c8552b119cc, type: 3}
      propertyPath: m_LocalEulerAnglesHint.x
      value: 0
      objectReference: {fileID: 0}
    - target: {fileID: 3516407296813574557, guid: a6b8621f9628fbe41b1b9c8552b119cc, type: 3}
      propertyPath: m_LocalEulerAnglesHint.y
      value: 0
      objectReference: {fileID: 0}
    - target: {fileID: 3516407296813574557, guid: a6b8621f9628fbe41b1b9c8552b119cc, type: 3}
      propertyPath: m_LocalEulerAnglesHint.z
      value: 0
      objectReference: {fileID: 0}
    - target: {fileID: 3519590501404398105, guid: a6b8621f9628fbe41b1b9c8552b119cc, type: 3}
      propertyPath: m_Name
      value: coin
      objectReference: {fileID: 0}
    m_RemovedComponents: []
  m_SourcePrefab: {fileID: 100100000, guid: a6b8621f9628fbe41b1b9c8552b119cc, type: 3}
--- !u!4 &1017044349632218904 stripped
Transform:
  m_CorrespondingSourceObject: {fileID: 3516407296813574557, guid: a6b8621f9628fbe41b1b9c8552b119cc, type: 3}
  m_PrefabInstance: {fileID: 4526554942442286725}
  m_PrefabAsset: {fileID: 0}
--- !u!1001 &4976102518655540423
PrefabInstance:
  m_ObjectHideFlags: 0
  serializedVersion: 2
  m_Modification:
    m_TransformParent: {fileID: 1890946929390747762}
    m_Modifications:
    - target: {fileID: 3516407296813574557, guid: a6b8621f9628fbe41b1b9c8552b119cc, type: 3}
      propertyPath: m_LocalPosition.x
      value: 9.48
      objectReference: {fileID: 0}
    - target: {fileID: 3516407296813574557, guid: a6b8621f9628fbe41b1b9c8552b119cc, type: 3}
      propertyPath: m_LocalPosition.y
      value: 0.79050624
      objectReference: {fileID: 0}
    - target: {fileID: 3516407296813574557, guid: a6b8621f9628fbe41b1b9c8552b119cc, type: 3}
      propertyPath: m_LocalPosition.z
      value: 12.130391
      objectReference: {fileID: 0}
    - target: {fileID: 3516407296813574557, guid: a6b8621f9628fbe41b1b9c8552b119cc, type: 3}
      propertyPath: m_LocalRotation.x
      value: -0
      objectReference: {fileID: 0}
    - target: {fileID: 3516407296813574557, guid: a6b8621f9628fbe41b1b9c8552b119cc, type: 3}
      propertyPath: m_LocalRotation.y
      value: -0
      objectReference: {fileID: 0}
    - target: {fileID: 3516407296813574557, guid: a6b8621f9628fbe41b1b9c8552b119cc, type: 3}
      propertyPath: m_LocalRotation.z
      value: -0
      objectReference: {fileID: 0}
    - target: {fileID: 3516407296813574557, guid: a6b8621f9628fbe41b1b9c8552b119cc, type: 3}
      propertyPath: m_LocalRotation.w
      value: 1
      objectReference: {fileID: 0}
    - target: {fileID: 3516407296813574557, guid: a6b8621f9628fbe41b1b9c8552b119cc, type: 3}
      propertyPath: m_RootOrder
      value: 2
      objectReference: {fileID: 0}
    - target: {fileID: 3516407296813574557, guid: a6b8621f9628fbe41b1b9c8552b119cc, type: 3}
      propertyPath: m_LocalEulerAnglesHint.x
      value: 0
      objectReference: {fileID: 0}
    - target: {fileID: 3516407296813574557, guid: a6b8621f9628fbe41b1b9c8552b119cc, type: 3}
      propertyPath: m_LocalEulerAnglesHint.y
      value: 0
      objectReference: {fileID: 0}
    - target: {fileID: 3516407296813574557, guid: a6b8621f9628fbe41b1b9c8552b119cc, type: 3}
      propertyPath: m_LocalEulerAnglesHint.z
      value: 0
      objectReference: {fileID: 0}
    - target: {fileID: 3519590501404398105, guid: a6b8621f9628fbe41b1b9c8552b119cc, type: 3}
      propertyPath: m_Name
      value: coin (2)
      objectReference: {fileID: 0}
    m_RemovedComponents: []
  m_SourcePrefab: {fileID: 100100000, guid: a6b8621f9628fbe41b1b9c8552b119cc, type: 3}
--- !u!4 &8485453697311700314 stripped
Transform:
  m_CorrespondingSourceObject: {fileID: 3516407296813574557, guid: a6b8621f9628fbe41b1b9c8552b119cc, type: 3}
  m_PrefabInstance: {fileID: 4976102518655540423}
  m_PrefabAsset: {fileID: 0}
--- !u!1001 &5464962760344331519
PrefabInstance:
  m_ObjectHideFlags: 0
  serializedVersion: 2
  m_Modification:
    m_TransformParent: {fileID: 1890946929390747762}
    m_Modifications:
    - target: {fileID: 3516407296813574557, guid: a6b8621f9628fbe41b1b9c8552b119cc, type: 3}
      propertyPath: m_LocalPosition.x
      value: 11.97
      objectReference: {fileID: 0}
    - target: {fileID: 3516407296813574557, guid: a6b8621f9628fbe41b1b9c8552b119cc, type: 3}
      propertyPath: m_LocalPosition.y
      value: 0.79050624
      objectReference: {fileID: 0}
    - target: {fileID: 3516407296813574557, guid: a6b8621f9628fbe41b1b9c8552b119cc, type: 3}
      propertyPath: m_LocalPosition.z
      value: 12.130391
      objectReference: {fileID: 0}
    - target: {fileID: 3516407296813574557, guid: a6b8621f9628fbe41b1b9c8552b119cc, type: 3}
      propertyPath: m_LocalRotation.x
      value: -0
      objectReference: {fileID: 0}
    - target: {fileID: 3516407296813574557, guid: a6b8621f9628fbe41b1b9c8552b119cc, type: 3}
      propertyPath: m_LocalRotation.y
      value: -0
      objectReference: {fileID: 0}
    - target: {fileID: 3516407296813574557, guid: a6b8621f9628fbe41b1b9c8552b119cc, type: 3}
      propertyPath: m_LocalRotation.z
      value: -0
      objectReference: {fileID: 0}
    - target: {fileID: 3516407296813574557, guid: a6b8621f9628fbe41b1b9c8552b119cc, type: 3}
      propertyPath: m_LocalRotation.w
      value: 1
      objectReference: {fileID: 0}
    - target: {fileID: 3516407296813574557, guid: a6b8621f9628fbe41b1b9c8552b119cc, type: 3}
      propertyPath: m_RootOrder
      value: 1
      objectReference: {fileID: 0}
    - target: {fileID: 3516407296813574557, guid: a6b8621f9628fbe41b1b9c8552b119cc, type: 3}
      propertyPath: m_LocalEulerAnglesHint.x
      value: 0
      objectReference: {fileID: 0}
    - target: {fileID: 3516407296813574557, guid: a6b8621f9628fbe41b1b9c8552b119cc, type: 3}
      propertyPath: m_LocalEulerAnglesHint.y
      value: 0
      objectReference: {fileID: 0}
    - target: {fileID: 3516407296813574557, guid: a6b8621f9628fbe41b1b9c8552b119cc, type: 3}
      propertyPath: m_LocalEulerAnglesHint.z
      value: 0
      objectReference: {fileID: 0}
    - target: {fileID: 3519590501404398105, guid: a6b8621f9628fbe41b1b9c8552b119cc, type: 3}
      propertyPath: m_Name
      value: coin (1)
      objectReference: {fileID: 0}
    m_RemovedComponents: []
  m_SourcePrefab: {fileID: 100100000, guid: a6b8621f9628fbe41b1b9c8552b119cc, type: 3}
--- !u!4 &8870889926206803298 stripped
Transform:
  m_CorrespondingSourceObject: {fileID: 3516407296813574557, guid: a6b8621f9628fbe41b1b9c8552b119cc, type: 3}
  m_PrefabInstance: {fileID: 5464962760344331519}
  m_PrefabAsset: {fileID: 0}
