%YAML 1.1
%TAG !u! tag:unity3d.com,2011:
--- !u!1 &705905923264934397
GameObject:
  m_ObjectHideFlags: 0
  m_CorrespondingSourceObject: {fileID: 0}
  m_PrefabInstance: {fileID: 0}
  m_PrefabAsset: {fileID: 0}
  serializedVersion: 6
  m_Component:
  - component: {fileID: 8602330332947643656}
  m_Layer: 0
  m_Name: PietreGruppo
  m_TagString: Untagged
  m_Icon: {fileID: 0}
  m_NavMeshLayer: 0
  m_StaticEditorFlags: 0
  m_IsActive: 1
--- !u!4 &8602330332947643656
Transform:
  m_ObjectHideFlags: 0
  m_CorrespondingSourceObject: {fileID: 0}
  m_PrefabInstance: {fileID: 0}
  m_PrefabAsset: {fileID: 0}
  m_GameObject: {fileID: 705905923264934397}
  m_LocalRotation: {x: 0, y: 0, z: 0, w: 1}
  m_LocalPosition: {x: 0, y: 0, z: 0}
  m_LocalScale: {x: 1, y: 1, z: 1}
  m_Children:
  - {fileID: 4431268416933708401}
  - {fileID: 360474246927628514}
  - {fileID: 5362834301208722595}
  - {fileID: 3674027373440550852}
  - {fileID: 7532562859724965527}
  - {fileID: 147677283778755107}
  - {fileID: 2205034352843965573}
  - {fileID: 8936084544045716656}
  - {fileID: 6313467253188956765}
  - {fileID: 4215873246521938087}
  - {fileID: 6787441889591417602}
  - {fileID: 3668688627020076364}
  m_Father: {fileID: 0}
  m_RootOrder: 0
  m_LocalEulerAnglesHint: {x: 0, y: 0, z: 0}
--- !u!1001 &145157846357107625
PrefabInstance:
  m_ObjectHideFlags: 0
  serializedVersion: 2
  m_Modification:
    m_TransformParent: {fileID: 8602330332947643656}
    m_Modifications:
    - target: {fileID: 1150461584060438, guid: 836ca07fc69b4184ca14265c7d24030d, type: 3}
      propertyPath: m_Name
      value: Rock_4 (1)
      objectReference: {fileID: 0}
    - target: {fileID: 4244113901689226, guid: 836ca07fc69b4184ca14265c7d24030d, type: 3}
      propertyPath: m_LocalPosition.x
      value: 184.65402
      objectReference: {fileID: 0}
    - target: {fileID: 4244113901689226, guid: 836ca07fc69b4184ca14265c7d24030d, type: 3}
      propertyPath: m_LocalPosition.y
      value: 0.92845047
      objectReference: {fileID: 0}
    - target: {fileID: 4244113901689226, guid: 836ca07fc69b4184ca14265c7d24030d, type: 3}
      propertyPath: m_LocalPosition.z
      value: 165.93582
      objectReference: {fileID: 0}
    - target: {fileID: 4244113901689226, guid: 836ca07fc69b4184ca14265c7d24030d, type: 3}
      propertyPath: m_LocalRotation.x
      value: -0.00000003774895
      objectReference: {fileID: 0}
    - target: {fileID: 4244113901689226, guid: 836ca07fc69b4184ca14265c7d24030d, type: 3}
      propertyPath: m_LocalRotation.y
      value: -0
      objectReference: {fileID: 0}
    - target: {fileID: 4244113901689226, guid: 836ca07fc69b4184ca14265c7d24030d, type: 3}
      propertyPath: m_LocalRotation.z
      value: -0
      objectReference: {fileID: 0}
    - target: {fileID: 4244113901689226, guid: 836ca07fc69b4184ca14265c7d24030d, type: 3}
      propertyPath: m_LocalRotation.w
      value: 1
      objectReference: {fileID: 0}
    - target: {fileID: 4244113901689226, guid: 836ca07fc69b4184ca14265c7d24030d, type: 3}
      propertyPath: m_RootOrder
      value: 5
      objectReference: {fileID: 0}
    - target: {fileID: 4244113901689226, guid: 836ca07fc69b4184ca14265c7d24030d, type: 3}
      propertyPath: m_LocalEulerAnglesHint.x
      value: 0
      objectReference: {fileID: 0}
    - target: {fileID: 4244113901689226, guid: 836ca07fc69b4184ca14265c7d24030d, type: 3}
      propertyPath: m_LocalEulerAnglesHint.y
      value: 0
      objectReference: {fileID: 0}
    - target: {fileID: 4244113901689226, guid: 836ca07fc69b4184ca14265c7d24030d, type: 3}
      propertyPath: m_LocalEulerAnglesHint.z
      value: 0
      objectReference: {fileID: 0}
    m_RemovedComponents: []
  m_SourcePrefab: {fileID: 100100000, guid: 836ca07fc69b4184ca14265c7d24030d, type: 3}
--- !u!4 &147677283778755107 stripped
Transform:
  m_CorrespondingSourceObject: {fileID: 4244113901689226, guid: 836ca07fc69b4184ca14265c7d24030d, type: 3}
  m_PrefabInstance: {fileID: 145157846357107625}
  m_PrefabAsset: {fileID: 0}
--- !u!1001 &364839082859087152
PrefabInstance:
  m_ObjectHideFlags: 0
  serializedVersion: 2
  m_Modification:
    m_TransformParent: {fileID: 8602330332947643656}
    m_Modifications:
    - target: {fileID: 1978445070297066, guid: 4983f395b2610de4e9f688a87bbd9af9, type: 3}
      propertyPath: m_Name
      value: Rock_2 (1)
      objectReference: {fileID: 0}
    - target: {fileID: 4646933745565138, guid: 4983f395b2610de4e9f688a87bbd9af9, type: 3}
      propertyPath: m_LocalPosition.x
      value: 180.35977
      objectReference: {fileID: 0}
    - target: {fileID: 4646933745565138, guid: 4983f395b2610de4e9f688a87bbd9af9, type: 3}
      propertyPath: m_LocalPosition.y
      value: 1.8734692
      objectReference: {fileID: 0}
    - target: {fileID: 4646933745565138, guid: 4983f395b2610de4e9f688a87bbd9af9, type: 3}
      propertyPath: m_LocalPosition.z
      value: 162.67728
      objectReference: {fileID: 0}
    - target: {fileID: 4646933745565138, guid: 4983f395b2610de4e9f688a87bbd9af9, type: 3}
      propertyPath: m_LocalRotation.x
      value: 0.000000021855694
      objectReference: {fileID: 0}
    - target: {fileID: 4646933745565138, guid: 4983f395b2610de4e9f688a87bbd9af9, type: 3}
      propertyPath: m_LocalRotation.y
      value: -0
      objectReference: {fileID: 0}
    - target: {fileID: 4646933745565138, guid: 4983f395b2610de4e9f688a87bbd9af9, type: 3}
      propertyPath: m_LocalRotation.z
      value: -0
      objectReference: {fileID: 0}
    - target: {fileID: 4646933745565138, guid: 4983f395b2610de4e9f688a87bbd9af9, type: 3}
      propertyPath: m_LocalRotation.w
      value: 1
      objectReference: {fileID: 0}
    - target: {fileID: 4646933745565138, guid: 4983f395b2610de4e9f688a87bbd9af9, type: 3}
      propertyPath: m_RootOrder
      value: 1
      objectReference: {fileID: 0}
    - target: {fileID: 4646933745565138, guid: 4983f395b2610de4e9f688a87bbd9af9, type: 3}
      propertyPath: m_LocalEulerAnglesHint.x
      value: 0
      objectReference: {fileID: 0}
    - target: {fileID: 4646933745565138, guid: 4983f395b2610de4e9f688a87bbd9af9, type: 3}
      propertyPath: m_LocalEulerAnglesHint.y
      value: 0
      objectReference: {fileID: 0}
    - target: {fileID: 4646933745565138, guid: 4983f395b2610de4e9f688a87bbd9af9, type: 3}
      propertyPath: m_LocalEulerAnglesHint.z
      value: 0
      objectReference: {fileID: 0}
    m_RemovedComponents: []
  m_SourcePrefab: {fileID: 100100000, guid: 4983f395b2610de4e9f688a87bbd9af9, type: 3}
--- !u!4 &360474246927628514 stripped
Transform:
  m_CorrespondingSourceObject: {fileID: 4646933745565138, guid: 4983f395b2610de4e9f688a87bbd9af9, type: 3}
  m_PrefabInstance: {fileID: 364839082859087152}
  m_PrefabAsset: {fileID: 0}
--- !u!1001 &2204170002434841871
PrefabInstance:
  m_ObjectHideFlags: 0
  serializedVersion: 2
  m_Modification:
    m_TransformParent: {fileID: 8602330332947643656}
    m_Modifications:
    - target: {fileID: 1150461584060438, guid: 836ca07fc69b4184ca14265c7d24030d, type: 3}
      propertyPath: m_Name
      value: Rock_4 (2)
      objectReference: {fileID: 0}
    - target: {fileID: 4244113901689226, guid: 836ca07fc69b4184ca14265c7d24030d, type: 3}
      propertyPath: m_LocalPosition.x
      value: 181.55676
      objectReference: {fileID: 0}
    - target: {fileID: 4244113901689226, guid: 836ca07fc69b4184ca14265c7d24030d, type: 3}
      propertyPath: m_LocalPosition.y
      value: 0.92845035
      objectReference: {fileID: 0}
    - target: {fileID: 4244113901689226, guid: 836ca07fc69b4184ca14265c7d24030d, type: 3}
      propertyPath: m_LocalPosition.z
      value: 168.92601
      objectReference: {fileID: 0}
    - target: {fileID: 4244113901689226, guid: 836ca07fc69b4184ca14265c7d24030d, type: 3}
      propertyPath: m_LocalRotation.x
      value: -0.00000003774895
      objectReference: {fileID: 0}
    - target: {fileID: 4244113901689226, guid: 836ca07fc69b4184ca14265c7d24030d, type: 3}
      propertyPath: m_LocalRotation.y
      value: -0
      objectReference: {fileID: 0}
    - target: {fileID: 4244113901689226, guid: 836ca07fc69b4184ca14265c7d24030d, type: 3}
      propertyPath: m_LocalRotation.z
      value: -0
      objectReference: {fileID: 0}
    - target: {fileID: 4244113901689226, guid: 836ca07fc69b4184ca14265c7d24030d, type: 3}
      propertyPath: m_LocalRotation.w
      value: 1
      objectReference: {fileID: 0}
    - target: {fileID: 4244113901689226, guid: 836ca07fc69b4184ca14265c7d24030d, type: 3}
      propertyPath: m_RootOrder
      value: 6
      objectReference: {fileID: 0}
    - target: {fileID: 4244113901689226, guid: 836ca07fc69b4184ca14265c7d24030d, type: 3}
      propertyPath: m_LocalEulerAnglesHint.x
      value: 0
      objectReference: {fileID: 0}
    - target: {fileID: 4244113901689226, guid: 836ca07fc69b4184ca14265c7d24030d, type: 3}
      propertyPath: m_LocalEulerAnglesHint.y
      value: 0
      objectReference: {fileID: 0}
    - target: {fileID: 4244113901689226, guid: 836ca07fc69b4184ca14265c7d24030d, type: 3}
      propertyPath: m_LocalEulerAnglesHint.z
      value: 0
      objectReference: {fileID: 0}
    m_RemovedComponents: []
  m_SourcePrefab: {fileID: 100100000, guid: 836ca07fc69b4184ca14265c7d24030d, type: 3}
--- !u!4 &2205034352843965573 stripped
Transform:
  m_CorrespondingSourceObject: {fileID: 4244113901689226, guid: 836ca07fc69b4184ca14265c7d24030d, type: 3}
  m_PrefabInstance: {fileID: 2204170002434841871}
  m_PrefabAsset: {fileID: 0}
--- !u!1001 &3668041710323082990
PrefabInstance:
  m_ObjectHideFlags: 0
  serializedVersion: 2
  m_Modification:
    m_TransformParent: {fileID: 8602330332947643656}
    m_Modifications:
    - target: {fileID: 1106205639809762, guid: c53e680fdc8fae04d91b4ce9e548d2df, type: 3}
      propertyPath: m_Name
      value: Rock_6 (4)
      objectReference: {fileID: 0}
    - target: {fileID: 4024617225401250, guid: c53e680fdc8fae04d91b4ce9e548d2df, type: 3}
      propertyPath: m_LocalPosition.x
      value: 178.39908
      objectReference: {fileID: 0}
    - target: {fileID: 4024617225401250, guid: c53e680fdc8fae04d91b4ce9e548d2df, type: 3}
      propertyPath: m_LocalPosition.y
      value: 1.8049123
      objectReference: {fileID: 0}
    - target: {fileID: 4024617225401250, guid: c53e680fdc8fae04d91b4ce9e548d2df, type: 3}
      propertyPath: m_LocalPosition.z
      value: 171.56717
      objectReference: {fileID: 0}
    - target: {fileID: 4024617225401250, guid: c53e680fdc8fae04d91b4ce9e548d2df, type: 3}
      propertyPath: m_LocalRotation.x
      value: 0.000000021855694
      objectReference: {fileID: 0}
    - target: {fileID: 4024617225401250, guid: c53e680fdc8fae04d91b4ce9e548d2df, type: 3}
      propertyPath: m_LocalRotation.y
      value: -0
      objectReference: {fileID: 0}
    - target: {fileID: 4024617225401250, guid: c53e680fdc8fae04d91b4ce9e548d2df, type: 3}
      propertyPath: m_LocalRotation.z
      value: -0
      objectReference: {fileID: 0}
    - target: {fileID: 4024617225401250, guid: c53e680fdc8fae04d91b4ce9e548d2df, type: 3}
      propertyPath: m_LocalRotation.w
      value: 1
      objectReference: {fileID: 0}
    - target: {fileID: 4024617225401250, guid: c53e680fdc8fae04d91b4ce9e548d2df, type: 3}
      propertyPath: m_RootOrder
      value: 11
      objectReference: {fileID: 0}
    - target: {fileID: 4024617225401250, guid: c53e680fdc8fae04d91b4ce9e548d2df, type: 3}
      propertyPath: m_LocalEulerAnglesHint.x
      value: 0
      objectReference: {fileID: 0}
    - target: {fileID: 4024617225401250, guid: c53e680fdc8fae04d91b4ce9e548d2df, type: 3}
      propertyPath: m_LocalEulerAnglesHint.y
      value: 0
      objectReference: {fileID: 0}
    - target: {fileID: 4024617225401250, guid: c53e680fdc8fae04d91b4ce9e548d2df, type: 3}
      propertyPath: m_LocalEulerAnglesHint.z
      value: 0
      objectReference: {fileID: 0}
    m_RemovedComponents: []
  m_SourcePrefab: {fileID: 100100000, guid: c53e680fdc8fae04d91b4ce9e548d2df, type: 3}
--- !u!4 &3668688627020076364 stripped
Transform:
  m_CorrespondingSourceObject: {fileID: 4024617225401250, guid: c53e680fdc8fae04d91b4ce9e548d2df, type: 3}
  m_PrefabInstance: {fileID: 3668041710323082990}
  m_PrefabAsset: {fileID: 0}
--- !u!1001 &3671127950820827968
PrefabInstance:
  m_ObjectHideFlags: 0
  serializedVersion: 2
  m_Modification:
    m_TransformParent: {fileID: 8602330332947643656}
    m_Modifications:
    - target: {fileID: 1337108901918474, guid: da41fd2967a439d409358c2214a5409e, type: 3}
      propertyPath: m_Name
      value: Rock_3 (1)
      objectReference: {fileID: 0}
    - target: {fileID: 4137486168269956, guid: da41fd2967a439d409358c2214a5409e, type: 3}
      propertyPath: m_LocalPosition.x
      value: 182.79391
      objectReference: {fileID: 0}
    - target: {fileID: 4137486168269956, guid: da41fd2967a439d409358c2214a5409e, type: 3}
      propertyPath: m_LocalPosition.y
      value: 1.7296711
      objectReference: {fileID: 0}
    - target: {fileID: 4137486168269956, guid: da41fd2967a439d409358c2214a5409e, type: 3}
      propertyPath: m_LocalPosition.z
      value: 163.49727
      objectReference: {fileID: 0}
    - target: {fileID: 4137486168269956, guid: da41fd2967a439d409358c2214a5409e, type: 3}
      propertyPath: m_LocalRotation.x
      value: 0.000000021855694
      objectReference: {fileID: 0}
    - target: {fileID: 4137486168269956, guid: da41fd2967a439d409358c2214a5409e, type: 3}
      propertyPath: m_LocalRotation.y
      value: -0
      objectReference: {fileID: 0}
    - target: {fileID: 4137486168269956, guid: da41fd2967a439d409358c2214a5409e, type: 3}
      propertyPath: m_LocalRotation.z
      value: -0
      objectReference: {fileID: 0}
    - target: {fileID: 4137486168269956, guid: da41fd2967a439d409358c2214a5409e, type: 3}
      propertyPath: m_LocalRotation.w
      value: 1
      objectReference: {fileID: 0}
    - target: {fileID: 4137486168269956, guid: da41fd2967a439d409358c2214a5409e, type: 3}
      propertyPath: m_RootOrder
      value: 3
      objectReference: {fileID: 0}
    - target: {fileID: 4137486168269956, guid: da41fd2967a439d409358c2214a5409e, type: 3}
      propertyPath: m_LocalEulerAnglesHint.x
      value: 0
      objectReference: {fileID: 0}
    - target: {fileID: 4137486168269956, guid: da41fd2967a439d409358c2214a5409e, type: 3}
      propertyPath: m_LocalEulerAnglesHint.y
      value: 0
      objectReference: {fileID: 0}
    - target: {fileID: 4137486168269956, guid: da41fd2967a439d409358c2214a5409e, type: 3}
      propertyPath: m_LocalEulerAnglesHint.z
      value: 0
      objectReference: {fileID: 0}
    m_RemovedComponents: []
  m_SourcePrefab: {fileID: 100100000, guid: da41fd2967a439d409358c2214a5409e, type: 3}
--- !u!4 &3674027373440550852 stripped
Transform:
  m_CorrespondingSourceObject: {fileID: 4137486168269956, guid: da41fd2967a439d409358c2214a5409e, type: 3}
  m_PrefabInstance: {fileID: 3671127950820827968}
  m_PrefabAsset: {fileID: 0}
--- !u!1001 &4219349915281624853
PrefabInstance:
  m_ObjectHideFlags: 0
  serializedVersion: 2
  m_Modification:
    m_TransformParent: {fileID: 8602330332947643656}
    m_Modifications:
    - target: {fileID: 1745671036675386, guid: 74442f407a24ac84f95f08a83b1bb617, type: 3}
      propertyPath: m_Name
      value: Rock_1 (2)
      objectReference: {fileID: 0}
    - target: {fileID: 4483830403358642, guid: 74442f407a24ac84f95f08a83b1bb617, type: 3}
      propertyPath: m_LocalPosition.x
      value: 179.63
      objectReference: {fileID: 0}
    - target: {fileID: 4483830403358642, guid: 74442f407a24ac84f95f08a83b1bb617, type: 3}
      propertyPath: m_LocalPosition.y
      value: 0.5
      objectReference: {fileID: 0}
    - target: {fileID: 4483830403358642, guid: 74442f407a24ac84f95f08a83b1bb617, type: 3}
      propertyPath: m_LocalPosition.z
      value: 161.55
      objectReference: {fileID: 0}
    - target: {fileID: 4483830403358642, guid: 74442f407a24ac84f95f08a83b1bb617, type: 3}
      propertyPath: m_LocalRotation.x
      value: -0.00000003774895
      objectReference: {fileID: 0}
    - target: {fileID: 4483830403358642, guid: 74442f407a24ac84f95f08a83b1bb617, type: 3}
      propertyPath: m_LocalRotation.y
      value: -0
      objectReference: {fileID: 0}
    - target: {fileID: 4483830403358642, guid: 74442f407a24ac84f95f08a83b1bb617, type: 3}
      propertyPath: m_LocalRotation.z
      value: -0
      objectReference: {fileID: 0}
    - target: {fileID: 4483830403358642, guid: 74442f407a24ac84f95f08a83b1bb617, type: 3}
      propertyPath: m_LocalRotation.w
      value: 1
      objectReference: {fileID: 0}
    - target: {fileID: 4483830403358642, guid: 74442f407a24ac84f95f08a83b1bb617, type: 3}
      propertyPath: m_RootOrder
      value: 9
      objectReference: {fileID: 0}
    - target: {fileID: 4483830403358642, guid: 74442f407a24ac84f95f08a83b1bb617, type: 3}
      propertyPath: m_LocalEulerAnglesHint.x
      value: 0
      objectReference: {fileID: 0}
    - target: {fileID: 4483830403358642, guid: 74442f407a24ac84f95f08a83b1bb617, type: 3}
      propertyPath: m_LocalEulerAnglesHint.y
      value: 0
      objectReference: {fileID: 0}
    - target: {fileID: 4483830403358642, guid: 74442f407a24ac84f95f08a83b1bb617, type: 3}
      propertyPath: m_LocalEulerAnglesHint.z
      value: 0
      objectReference: {fileID: 0}
    m_RemovedComponents: []
  m_SourcePrefab: {fileID: 100100000, guid: 74442f407a24ac84f95f08a83b1bb617, type: 3}
--- !u!4 &4215873246521938087 stripped
Transform:
  m_CorrespondingSourceObject: {fileID: 4483830403358642, guid: 74442f407a24ac84f95f08a83b1bb617, type: 3}
  m_PrefabInstance: {fileID: 4219349915281624853}
  m_PrefabAsset: {fileID: 0}
--- !u!1001 &4427402902745543123
PrefabInstance:
  m_ObjectHideFlags: 0
  serializedVersion: 2
  m_Modification:
    m_TransformParent: {fileID: 8602330332947643656}
    m_Modifications:
    - target: {fileID: 1106205639809762, guid: c53e680fdc8fae04d91b4ce9e548d2df, type: 3}
      propertyPath: m_Name
      value: Rock_6 (3)
      objectReference: {fileID: 0}
    - target: {fileID: 4024617225401250, guid: c53e680fdc8fae04d91b4ce9e548d2df, type: 3}
      propertyPath: m_LocalPosition.x
      value: 181.49634
      objectReference: {fileID: 0}
    - target: {fileID: 4024617225401250, guid: c53e680fdc8fae04d91b4ce9e548d2df, type: 3}
      propertyPath: m_LocalPosition.y
      value: 1.8049124
      objectReference: {fileID: 0}
    - target: {fileID: 4024617225401250, guid: c53e680fdc8fae04d91b4ce9e548d2df, type: 3}
      propertyPath: m_LocalPosition.z
      value: 168.57698
      objectReference: {fileID: 0}
    - target: {fileID: 4024617225401250, guid: c53e680fdc8fae04d91b4ce9e548d2df, type: 3}
      propertyPath: m_LocalRotation.x
      value: 0.000000021855694
      objectReference: {fileID: 0}
    - target: {fileID: 4024617225401250, guid: c53e680fdc8fae04d91b4ce9e548d2df, type: 3}
      propertyPath: m_LocalRotation.y
      value: -0
      objectReference: {fileID: 0}
    - target: {fileID: 4024617225401250, guid: c53e680fdc8fae04d91b4ce9e548d2df, type: 3}
      propertyPath: m_LocalRotation.z
      value: -0
      objectReference: {fileID: 0}
    - target: {fileID: 4024617225401250, guid: c53e680fdc8fae04d91b4ce9e548d2df, type: 3}
      propertyPath: m_LocalRotation.w
      value: 1
      objectReference: {fileID: 0}
    - target: {fileID: 4024617225401250, guid: c53e680fdc8fae04d91b4ce9e548d2df, type: 3}
      propertyPath: m_RootOrder
      value: 0
      objectReference: {fileID: 0}
    - target: {fileID: 4024617225401250, guid: c53e680fdc8fae04d91b4ce9e548d2df, type: 3}
      propertyPath: m_LocalEulerAnglesHint.x
      value: 0
      objectReference: {fileID: 0}
    - target: {fileID: 4024617225401250, guid: c53e680fdc8fae04d91b4ce9e548d2df, type: 3}
      propertyPath: m_LocalEulerAnglesHint.y
      value: 0
      objectReference: {fileID: 0}
    - target: {fileID: 4024617225401250, guid: c53e680fdc8fae04d91b4ce9e548d2df, type: 3}
      propertyPath: m_LocalEulerAnglesHint.z
      value: 0
      objectReference: {fileID: 0}
    m_RemovedComponents: []
  m_SourcePrefab: {fileID: 100100000, guid: c53e680fdc8fae04d91b4ce9e548d2df, type: 3}
--- !u!4 &4431268416933708401 stripped
Transform:
  m_CorrespondingSourceObject: {fileID: 4024617225401250, guid: c53e680fdc8fae04d91b4ce9e548d2df, type: 3}
  m_PrefabInstance: {fileID: 4427402902745543123}
  m_PrefabAsset: {fileID: 0}
--- !u!1001 &5360254868638376721
PrefabInstance:
  m_ObjectHideFlags: 0
  serializedVersion: 2
  m_Modification:
    m_TransformParent: {fileID: 8602330332947643656}
    m_Modifications:
    - target: {fileID: 1745671036675386, guid: 74442f407a24ac84f95f08a83b1bb617, type: 3}
      propertyPath: m_Name
      value: Rock_1 (1)
      objectReference: {fileID: 0}
    - target: {fileID: 4483830403358642, guid: 74442f407a24ac84f95f08a83b1bb617, type: 3}
      propertyPath: m_LocalPosition.x
      value: 182.72726
      objectReference: {fileID: 0}
    - target: {fileID: 4483830403358642, guid: 74442f407a24ac84f95f08a83b1bb617, type: 3}
      propertyPath: m_LocalPosition.y
      value: 0.5000001
      objectReference: {fileID: 0}
    - target: {fileID: 4483830403358642, guid: 74442f407a24ac84f95f08a83b1bb617, type: 3}
      propertyPath: m_LocalPosition.z
      value: 158.55981
      objectReference: {fileID: 0}
    - target: {fileID: 4483830403358642, guid: 74442f407a24ac84f95f08a83b1bb617, type: 3}
      propertyPath: m_LocalRotation.x
      value: -0.00000003774895
      objectReference: {fileID: 0}
    - target: {fileID: 4483830403358642, guid: 74442f407a24ac84f95f08a83b1bb617, type: 3}
      propertyPath: m_LocalRotation.y
      value: -0
      objectReference: {fileID: 0}
    - target: {fileID: 4483830403358642, guid: 74442f407a24ac84f95f08a83b1bb617, type: 3}
      propertyPath: m_LocalRotation.z
      value: -0
      objectReference: {fileID: 0}
    - target: {fileID: 4483830403358642, guid: 74442f407a24ac84f95f08a83b1bb617, type: 3}
      propertyPath: m_LocalRotation.w
      value: 1
      objectReference: {fileID: 0}
    - target: {fileID: 4483830403358642, guid: 74442f407a24ac84f95f08a83b1bb617, type: 3}
      propertyPath: m_RootOrder
      value: 2
      objectReference: {fileID: 0}
    - target: {fileID: 4483830403358642, guid: 74442f407a24ac84f95f08a83b1bb617, type: 3}
      propertyPath: m_LocalEulerAnglesHint.x
      value: 0
      objectReference: {fileID: 0}
    - target: {fileID: 4483830403358642, guid: 74442f407a24ac84f95f08a83b1bb617, type: 3}
      propertyPath: m_LocalEulerAnglesHint.y
      value: 0
      objectReference: {fileID: 0}
    - target: {fileID: 4483830403358642, guid: 74442f407a24ac84f95f08a83b1bb617, type: 3}
      propertyPath: m_LocalEulerAnglesHint.z
      value: 0
      objectReference: {fileID: 0}
    m_RemovedComponents: []
  m_SourcePrefab: {fileID: 100100000, guid: 74442f407a24ac84f95f08a83b1bb617, type: 3}
--- !u!4 &5362834301208722595 stripped
Transform:
  m_CorrespondingSourceObject: {fileID: 4483830403358642, guid: 74442f407a24ac84f95f08a83b1bb617, type: 3}
  m_PrefabInstance: {fileID: 5360254868638376721}
  m_PrefabAsset: {fileID: 0}
--- !u!1001 &6310460077861058265
PrefabInstance:
  m_ObjectHideFlags: 0
  serializedVersion: 2
  m_Modification:
    m_TransformParent: {fileID: 8602330332947643656}
    m_Modifications:
    - target: {fileID: 1337108901918474, guid: da41fd2967a439d409358c2214a5409e, type: 3}
      propertyPath: m_Name
      value: Rock_3 (2)
      objectReference: {fileID: 0}
    - target: {fileID: 4137486168269956, guid: da41fd2967a439d409358c2214a5409e, type: 3}
      propertyPath: m_LocalPosition.x
      value: 179.69666
      objectReference: {fileID: 0}
    - target: {fileID: 4137486168269956, guid: da41fd2967a439d409358c2214a5409e, type: 3}
      propertyPath: m_LocalPosition.y
      value: 1.729671
      objectReference: {fileID: 0}
    - target: {fileID: 4137486168269956, guid: da41fd2967a439d409358c2214a5409e, type: 3}
      propertyPath: m_LocalPosition.z
      value: 166.48746
      objectReference: {fileID: 0}
    - target: {fileID: 4137486168269956, guid: da41fd2967a439d409358c2214a5409e, type: 3}
      propertyPath: m_LocalRotation.x
      value: 0.000000021855694
      objectReference: {fileID: 0}
    - target: {fileID: 4137486168269956, guid: da41fd2967a439d409358c2214a5409e, type: 3}
      propertyPath: m_LocalRotation.y
      value: -0
      objectReference: {fileID: 0}
    - target: {fileID: 4137486168269956, guid: da41fd2967a439d409358c2214a5409e, type: 3}
      propertyPath: m_LocalRotation.z
      value: -0
      objectReference: {fileID: 0}
    - target: {fileID: 4137486168269956, guid: da41fd2967a439d409358c2214a5409e, type: 3}
      propertyPath: m_LocalRotation.w
      value: 1
      objectReference: {fileID: 0}
    - target: {fileID: 4137486168269956, guid: da41fd2967a439d409358c2214a5409e, type: 3}
      propertyPath: m_RootOrder
      value: 8
      objectReference: {fileID: 0}
    - target: {fileID: 4137486168269956, guid: da41fd2967a439d409358c2214a5409e, type: 3}
      propertyPath: m_LocalEulerAnglesHint.x
      value: 0
      objectReference: {fileID: 0}
    - target: {fileID: 4137486168269956, guid: da41fd2967a439d409358c2214a5409e, type: 3}
      propertyPath: m_LocalEulerAnglesHint.y
      value: 0
      objectReference: {fileID: 0}
    - target: {fileID: 4137486168269956, guid: da41fd2967a439d409358c2214a5409e, type: 3}
      propertyPath: m_LocalEulerAnglesHint.z
      value: 0
      objectReference: {fileID: 0}
    m_RemovedComponents: []
  m_SourcePrefab: {fileID: 100100000, guid: da41fd2967a439d409358c2214a5409e, type: 3}
--- !u!4 &6313467253188956765 stripped
Transform:
  m_CorrespondingSourceObject: {fileID: 4137486168269956, guid: da41fd2967a439d409358c2214a5409e, type: 3}
  m_PrefabInstance: {fileID: 6310460077861058265}
  m_PrefabAsset: {fileID: 0}
--- !u!1001 &6782795093855250128
PrefabInstance:
  m_ObjectHideFlags: 0
  serializedVersion: 2
  m_Modification:
    m_TransformParent: {fileID: 8602330332947643656}
    m_Modifications:
    - target: {fileID: 1978445070297066, guid: 4983f395b2610de4e9f688a87bbd9af9, type: 3}
      propertyPath: m_Name
      value: Rock_2 (2)
      objectReference: {fileID: 0}
    - target: {fileID: 4646933745565138, guid: 4983f395b2610de4e9f688a87bbd9af9, type: 3}
      propertyPath: m_LocalPosition.x
      value: 177.26251
      objectReference: {fileID: 0}
    - target: {fileID: 4646933745565138, guid: 4983f395b2610de4e9f688a87bbd9af9, type: 3}
      propertyPath: m_LocalPosition.y
      value: 1.8734691
      objectReference: {fileID: 0}
    - target: {fileID: 4646933745565138, guid: 4983f395b2610de4e9f688a87bbd9af9, type: 3}
      propertyPath: m_LocalPosition.z
      value: 165.66747
      objectReference: {fileID: 0}
    - target: {fileID: 4646933745565138, guid: 4983f395b2610de4e9f688a87bbd9af9, type: 3}
      propertyPath: m_LocalRotation.x
      value: 0.000000021855694
      objectReference: {fileID: 0}
    - target: {fileID: 4646933745565138, guid: 4983f395b2610de4e9f688a87bbd9af9, type: 3}
      propertyPath: m_LocalRotation.y
      value: -0
      objectReference: {fileID: 0}
    - target: {fileID: 4646933745565138, guid: 4983f395b2610de4e9f688a87bbd9af9, type: 3}
      propertyPath: m_LocalRotation.z
      value: -0
      objectReference: {fileID: 0}
    - target: {fileID: 4646933745565138, guid: 4983f395b2610de4e9f688a87bbd9af9, type: 3}
      propertyPath: m_LocalRotation.w
      value: 1
      objectReference: {fileID: 0}
    - target: {fileID: 4646933745565138, guid: 4983f395b2610de4e9f688a87bbd9af9, type: 3}
      propertyPath: m_RootOrder
      value: 10
      objectReference: {fileID: 0}
    - target: {fileID: 4646933745565138, guid: 4983f395b2610de4e9f688a87bbd9af9, type: 3}
      propertyPath: m_LocalEulerAnglesHint.x
      value: 0
      objectReference: {fileID: 0}
    - target: {fileID: 4646933745565138, guid: 4983f395b2610de4e9f688a87bbd9af9, type: 3}
      propertyPath: m_LocalEulerAnglesHint.y
      value: 0
      objectReference: {fileID: 0}
    - target: {fileID: 4646933745565138, guid: 4983f395b2610de4e9f688a87bbd9af9, type: 3}
      propertyPath: m_LocalEulerAnglesHint.z
      value: 0
      objectReference: {fileID: 0}
    m_RemovedComponents: []
  m_SourcePrefab: {fileID: 100100000, guid: 4983f395b2610de4e9f688a87bbd9af9, type: 3}
--- !u!4 &6787441889591417602 stripped
Transform:
  m_CorrespondingSourceObject: {fileID: 4646933745565138, guid: 4983f395b2610de4e9f688a87bbd9af9, type: 3}
  m_PrefabInstance: {fileID: 6782795093855250128}
  m_PrefabAsset: {fileID: 0}
--- !u!1001 &7532067352128243315
PrefabInstance:
  m_ObjectHideFlags: 0
  serializedVersion: 2
  m_Modification:
    m_TransformParent: {fileID: 8602330332947643656}
    m_Modifications:
    - target: {fileID: 1371598241635088, guid: 3a33ce58c20826a4ea7253f84444654b, type: 3}
      propertyPath: m_Name
      value: Rock_5 (5)
      objectReference: {fileID: 0}
    - target: {fileID: 4025704486191332, guid: 3a33ce58c20826a4ea7253f84444654b, type: 3}
      propertyPath: m_LocalPosition.x
      value: 181.86014
      objectReference: {fileID: 0}
    - target: {fileID: 4025704486191332, guid: 3a33ce58c20826a4ea7253f84444654b, type: 3}
      propertyPath: m_LocalPosition.y
      value: 1.0360155
      objectReference: {fileID: 0}
    - target: {fileID: 4025704486191332, guid: 3a33ce58c20826a4ea7253f84444654b, type: 3}
      propertyPath: m_LocalPosition.z
      value: 165.04317
      objectReference: {fileID: 0}
    - target: {fileID: 4025704486191332, guid: 3a33ce58c20826a4ea7253f84444654b, type: 3}
      propertyPath: m_LocalRotation.x
      value: -0.00000003774895
      objectReference: {fileID: 0}
    - target: {fileID: 4025704486191332, guid: 3a33ce58c20826a4ea7253f84444654b, type: 3}
      propertyPath: m_LocalRotation.y
      value: -0
      objectReference: {fileID: 0}
    - target: {fileID: 4025704486191332, guid: 3a33ce58c20826a4ea7253f84444654b, type: 3}
      propertyPath: m_LocalRotation.z
      value: -0
      objectReference: {fileID: 0}
    - target: {fileID: 4025704486191332, guid: 3a33ce58c20826a4ea7253f84444654b, type: 3}
      propertyPath: m_LocalRotation.w
      value: 1
      objectReference: {fileID: 0}
    - target: {fileID: 4025704486191332, guid: 3a33ce58c20826a4ea7253f84444654b, type: 3}
      propertyPath: m_RootOrder
      value: 4
      objectReference: {fileID: 0}
    - target: {fileID: 4025704486191332, guid: 3a33ce58c20826a4ea7253f84444654b, type: 3}
      propertyPath: m_LocalEulerAnglesHint.x
      value: 0
      objectReference: {fileID: 0}
    - target: {fileID: 4025704486191332, guid: 3a33ce58c20826a4ea7253f84444654b, type: 3}
      propertyPath: m_LocalEulerAnglesHint.y
      value: 0
      objectReference: {fileID: 0}
    - target: {fileID: 4025704486191332, guid: 3a33ce58c20826a4ea7253f84444654b, type: 3}
      propertyPath: m_LocalEulerAnglesHint.z
      value: 0
      objectReference: {fileID: 0}
    m_RemovedComponents: []
  m_SourcePrefab: {fileID: 100100000, guid: 3a33ce58c20826a4ea7253f84444654b, type: 3}
--- !u!4 &7532562859724965527 stripped
Transform:
  m_CorrespondingSourceObject: {fileID: 4025704486191332, guid: 3a33ce58c20826a4ea7253f84444654b, type: 3}
  m_PrefabInstance: {fileID: 7532067352128243315}
  m_PrefabAsset: {fileID: 0}
--- !u!1001 &8938823751188534356
PrefabInstance:
  m_ObjectHideFlags: 0
  serializedVersion: 2
  m_Modification:
    m_TransformParent: {fileID: 8602330332947643656}
    m_Modifications:
    - target: {fileID: 1371598241635088, guid: 3a33ce58c20826a4ea7253f84444654b, type: 3}
      propertyPath: m_Name
      value: Rock_5 (6)
      objectReference: {fileID: 0}
    - target: {fileID: 4025704486191332, guid: 3a33ce58c20826a4ea7253f84444654b, type: 3}
      propertyPath: m_LocalPosition.x
      value: 178.76288
      objectReference: {fileID: 0}
    - target: {fileID: 4025704486191332, guid: 3a33ce58c20826a4ea7253f84444654b, type: 3}
      propertyPath: m_LocalPosition.y
      value: 1.0360154
      objectReference: {fileID: 0}
    - target: {fileID: 4025704486191332, guid: 3a33ce58c20826a4ea7253f84444654b, type: 3}
      propertyPath: m_LocalPosition.z
      value: 168.03336
      objectReference: {fileID: 0}
    - target: {fileID: 4025704486191332, guid: 3a33ce58c20826a4ea7253f84444654b, type: 3}
      propertyPath: m_LocalRotation.x
      value: -0.00000003774895
      objectReference: {fileID: 0}
    - target: {fileID: 4025704486191332, guid: 3a33ce58c20826a4ea7253f84444654b, type: 3}
      propertyPath: m_LocalRotation.y
      value: -0
      objectReference: {fileID: 0}
    - target: {fileID: 4025704486191332, guid: 3a33ce58c20826a4ea7253f84444654b, type: 3}
      propertyPath: m_LocalRotation.z
      value: -0
      objectReference: {fileID: 0}
    - target: {fileID: 4025704486191332, guid: 3a33ce58c20826a4ea7253f84444654b, type: 3}
      propertyPath: m_LocalRotation.w
      value: 1
      objectReference: {fileID: 0}
    - target: {fileID: 4025704486191332, guid: 3a33ce58c20826a4ea7253f84444654b, type: 3}
      propertyPath: m_RootOrder
      value: 7
      objectReference: {fileID: 0}
    - target: {fileID: 4025704486191332, guid: 3a33ce58c20826a4ea7253f84444654b, type: 3}
      propertyPath: m_LocalEulerAnglesHint.x
      value: 0
      objectReference: {fileID: 0}
    - target: {fileID: 4025704486191332, guid: 3a33ce58c20826a4ea7253f84444654b, type: 3}
      propertyPath: m_LocalEulerAnglesHint.y
      value: 0
      objectReference: {fileID: 0}
    - target: {fileID: 4025704486191332, guid: 3a33ce58c20826a4ea7253f84444654b, type: 3}
      propertyPath: m_LocalEulerAnglesHint.z
      value: 0
      objectReference: {fileID: 0}
    m_RemovedComponents: []
  m_SourcePrefab: {fileID: 100100000, guid: 3a33ce58c20826a4ea7253f84444654b, type: 3}
--- !u!4 &8936084544045716656 stripped
Transform:
  m_CorrespondingSourceObject: {fileID: 4025704486191332, guid: 3a33ce58c20826a4ea7253f84444654b, type: 3}
  m_PrefabInstance: {fileID: 8938823751188534356}
  m_PrefabAsset: {fileID: 0}
